<collection xmlns="http://www.loc.gov/MARC21/slim">
<record>
  <leader>01471nam0a22002651i 450 </leader>
  <controlfield tag="001">IT\ICCU\CNCE\070957</controlfield>
  <controlfield tag="005">20070612000000.0</controlfield>
  <datafield tag="012" ind1=" " ind2=" ">
    <subfield code="a">**** **** **** **** (C) 1591 (Q)</subfield>
    <subfield code="2">fei</subfield>
  </datafield>
  <datafield tag="100" ind1=" " ind2=" ">
    <subfield code="a">20070608f1591        0itac0103    ba</subfield>
  </datafield>
  <datafield tag="101" ind1=" " ind2=" ">
    <subfield code="a">ARA</subfield>
  </datafield>
  <datafield tag="102" ind1=" " ind2=" ">
    <subfield code="a">IT</subfield>
  </datafield>
  <datafield tag="200" ind1="1" ind2=" ">
    <subfield code="a">℗\℗Grammatica Arabica dicta Caphiah auctore filio Alhagiabi!</subfield>
  </datafield>
  <datafield tag="210" ind1=" " ind2=" ">
    <subfield code="d">\1591?!</subfield>
  </datafield>
  <datafield tag="215" ind1=" " ind2=" ">
    <subfield code="a">\48! c.</subfield>
    <subfield code="d">4℗ð</subfield>
  </datafield>
  <datafield tag="300" ind1=" " ind2=" ">
    <subfield code="a">ANNULLATA !!!!!!Adams I10; Copac. -  Ed. interamente stampata in arabo. -  Pubblicata dalla Tipografia Orientale Medicea, cos©Ơ come l&apos;ed. del 1592 con sottoscrizione e titolo in latino: &quot;Grammatica Arabica dicta Caphiah auctore filio Alhagiabi&quot;; cfr. catal. Bibl. Vaticana. -  Segn.: \1-12́þ!. -  Stampata in rosso e nero</subfield>
  </datafield>
  <datafield tag="620" ind1=" " ind2=" ">
    <subfield code="a">IT</subfield>
    <subfield code="d">Roma</subfield>
  </datafield>
  <datafield tag="700" ind1=" " ind2="1">
    <subfield code="a">Ibn al-Hajib,</subfield>
    <subfield code="b">&apos;Uthman ibn &apos;Umar</subfield>
    <subfield code="3">IT\ICCU\CNCA\017330</subfield>
  </datafield>
  <datafield tag="712" ind1="0" ind2="2">
    <subfield code="a">Tipografia Medicea Orientale</subfield>
    <subfield code="3">IT\ICCU\CNCT\000507</subfield>
    <subfield code="4">650</subfield>
  </datafield>
  <datafield tag="790" ind1=" " ind2="1">
    <subfield code="a">Ibn al-Hadjib,</subfield>
    <subfield code="b">Djamal al-Din Abu &apos;Amr &apos;Othman</subfield>
    <subfield code="3">IT\ICCU\CNCA\020036</subfield>
    <subfield code="z">Ibn al-Hajib, &apos;Uthman ibn &apos;Umar</subfield>
  </datafield>
  <datafield tag="790" ind1=" " ind2="1">
    <subfield code="a">Ibn al-Hadjib,</subfield>
    <subfield code="b">Abu &apos;Amr &apos;Othman ibn &apos;Omar</subfield>
    <subfield code="3">IT\ICCU\CNCA\020037</subfield>
    <subfield code="z">Ibn al-Hajib, &apos;Uthman ibn &apos;Umar</subfield>
  </datafield>
  <datafield tag="790" ind1=" " ind2="0">
    <subfield code="a">Alhagiabi</subfield>
    <subfield code="3">IT\ICCU\CNCA\020190</subfield>
    <subfield code="z">Ibn al-Hajib, &apos;Uthman ibn &apos;Umar</subfield>
  </datafield>
  <datafield tag="791" ind1="0" ind2="2">
    <subfield code="a">Typographia Linguarum Externarum</subfield>
    <subfield code="3">IT\ICCU\CNCT\002895</subfield>
    <subfield code="z">Tipografia Medicea Orientale</subfield>
  </datafield>
  <datafield tag="791" ind1="0" ind2="2">
    <subfield code="a">Typographia Medicea</subfield>
    <subfield code="3">IT\ICCU\CNCT\002896</subfield>
    <subfield code="z">Tipografia Medicea Orientale</subfield>
  </datafield>
  <datafield tag="801" ind1=" " ind2="3">
    <subfield code="a">IT</subfield>
    <subfield code="b">ICCU</subfield>
    <subfield code="c">20201115</subfield>
  </datafield>
  <datafield tag="899" ind1=" " ind2=" ">
    <subfield code="a">Biblioteca nazionale centrale. Roma</subfield>
    <subfield code="1">RM0267</subfield>
    <subfield code="2">BVE CR</subfield>
  </datafield>
</record>
</collection>
